<?xml version="1.0" encoding="UTF-8" ?>
<collection xmlns:xsi="http://www.w3.org/2001/XMLSchema-instance" xsi:schemaLocation="http://www.loc.gov/MARC21/slim http://www.loc.gov/standards/marcxml/schema/MARC21slim.xsd" xmlns="http://www.loc.gov/MARC21/slim">
   <record>
      <leader>     cam a22     1i 4500</leader>
      <controlfield tag="001">3619034</controlfield>
      <controlfield tag="003">NIC</controlfield>
      <controlfield tag="005">20141221195430.0</controlfield>
      <controlfield tag="008">870304s1962    iq            000 0 ara d</controlfield>
      <datafield tag="010" ind1=" " ind2=" ">
         <subfield code="a">ne 64003286 //r68 </subfield>
      </datafield>
      <datafield tag="025" ind1=" " ind2=" ">
         <subfield code="a">PL480: UAR-8470</subfield>
      </datafield>
      <datafield tag="035" ind1=" " ind2=" ">
         <subfield code="a">(NIC)notisASH6305</subfield>
      </datafield>
      <datafield tag="035" ind1=" " ind2=" ">
         <subfield code="a">(OCoLC)23484893</subfield>
      </datafield>
      <datafield tag="035" ind1=" " ind2=" ">
         <subfield code="a">3619034</subfield>
      </datafield>
      <datafield tag="040" ind1=" " ind2=" ">
         <subfield code="a">EYM</subfield>
         <subfield code="c">EYM</subfield>
         <subfield code="d">NIC</subfield>
      </datafield>
      <datafield tag="050" ind1="0" ind2=" ">
         <subfield code="a">D16.8</subfield>
         <subfield code="b">.D87</subfield>
      </datafield>
      <datafield tag="100" ind1="1" ind2=" ">
         <subfield code="a">Dūrī, ʻAbd al-ʻAzīz.</subfield>
      </datafield>
      <datafield tag="245" ind1="1" ind2="0">
         <subfield code="a">Tafsīr al-tārīkh /</subfield>
         <subfield code="c">taʾlīf ʻAbd al-ʻAzīz al-Dūrī [wa-ākharīn]</subfield>
      </datafield>
      <datafield tag="260" ind1=" " ind2=" ">
         <subfield code="a">Baghdād :</subfield>
         <subfield code="b">Maktabat al-Nahḍah</subfield>
         <subfield code="c">[1962?]</subfield>
      </datafield>
      <datafield tag="300" ind1=" " ind2=" ">
         <subfield code="a">55 p. ;</subfield>
         <subfield code="c">22 cm.</subfield>
      </datafield>
      <datafield tag="490" ind1="1" ind2=" ">
         <subfield code="a">Manshūrāt Jamʻīyat al-muʾallifīn wa-al-kuttāb al-ʻIrāqīyīn ;</subfield>
         <subfield code="v">5</subfield>
      </datafield>
      <datafield tag="650" ind1=" " ind2="0">
         <subfield code="a">History</subfield>
         <subfield code="x">Philosophy.</subfield>
      </datafield>
      <datafield tag="650" ind1=" " ind2="7">
         <subfield code="a">History</subfield>
         <subfield code="x">Philosophy</subfield>
         <subfield code="2">fast</subfield>
         <subfield code="0">(OCoLC)fst00958266</subfield>
      </datafield>
      <datafield tag="810" ind1="2" ind2=" ">
         <subfield code="a">Jamʻīyat al-Muʾallifīn wa-al-Kuttāb al-ʻIrāqīyīn.</subfield>
         <subfield code="t">Manshūrāt ;</subfield>
         <subfield code="v">5.</subfield>
      </datafield>
      <datafield tag="905" ind1=" " ind2=" ">
         <subfield code="a">19991204120000.0</subfield>
      </datafield>
      <datafield tag="948" ind1="2" ind2=" ">
         <subfield code="a">20121023</subfield>
         <subfield code="b">m</subfield>
         <subfield code="d">batch</subfield>
         <subfield code="e">lts</subfield>
         <subfield code="x">remove999</subfield>
      </datafield>
      <datafield tag="948" ind1="2" ind2=" ">
         <subfield code="a">20141221</subfield>
         <subfield code="b">m</subfield>
         <subfield code="d">batch</subfield>
         <subfield code="e">lts</subfield>
         <subfield code="x">addfast</subfield>
      </datafield>
      <datafield tag="950" ind1=" " ind2=" ">
         <subfield code="l">OLIN</subfield>
         <subfield code="x">9999</subfield>
         <subfield code="a">D16.8</subfield>
         <subfield code="b">.D96</subfield>
      </datafield>
      <datafield tag="903" ind1=" " ind2=" ">
         <subfield code="a">NYUACO</subfield>
         <subfield code="d">20150423</subfield>
         <subfield code="p">31924027772742</subfield>
      </datafield>
      <datafield tag="950" ind1=" " ind2=" ">
         <subfield code="a">D16.8</subfield>
         <subfield code="b">.D96</subfield>
         <subfield code="v"> </subfield>
      </datafield>
   </record>
</collection>
